@mastersthesis{henriksen_msc,
  author = "Troels Henriksen",
  school = "University of Copenhagen, Department of Computer Science (DIKU)",
  title  = "Exploiting Functional Invariants to Optimise Parallelism: A Dataflow Approach",
  year   = "2014"
}

@phdthesis{henriksen_phd,
  author = "Troels Henriksen",
  school = "University of Copenhagen, Department of Computer Science (DIKU)",
  title  = "Design and Implementation of the Futhark Programming Language",
  year   = "2017"
}

book{Mogensen11,
    author    = "Torben Aegidius Mogensen A longer name",
    title     = "Introduction to Compiler Design",
    edition   = "1",
    year      = "2011",
    publisher = "Springer-Verlag London"
}

article{RegionInf1,
    author  = "Tofte, Mads and Talpin, Jean-Pierre",
    title   = "Implementation of the Typed Call-by-Value $\Lambda$-calculus using a
                  Stack of Regions",
    year    = "1994",
    journal = "Conference Record of POPL '94, 21st ACM SIGPLAN-SIGACT Symposium
                  on Principles of Programming Languages",
    volume  = "",
    number  = "",
    pages   = "188-201"
}

misc{massif,
    author = "Valgrind Massif Mandingo bar",
    howpublished = "\url{http://valgrind.org/docs/manual/ms-manual.html}",
    note = "[Online; accessed 12-June-2016]"
}
